@BOOK{IlinMA1,
    author = "В. А. Ильин, Э. Г. Позняк",
    title = "Основы математического анализа. Часть I",
    address = "Москва",
    publisher = "Физико-математическая литература",
    year = 2005,
    numpages = 648,
    language = "russian"
    edition = "7"
    series = "Курс высшей математики и математической физики"
}
@BOOK{BorovkovPT,
    author = "А. А. Боровков",
    title = "Теория Вероятностей",
    address = "Москва",
    publisher = "Эдиториал УРСС",
    year = 1999,
    numpages = 472,
    language = "russian"
    edition = "3"
}
@BOOK{BorovkovMS,
    author = "А. А. Боровков",
    title = "Математическая статистика",
    address = "Санкт-Петербург",
    publisher = "Лань",
    year = 2010,
    numpages = 705,
    language = "russian"
    edition = "4"
    series = "Учебники для ВУЗов. Специальная литература"
}
@BOOK{DorogovtsevIT,
    author = "А. Я. Дороговцев",
    title = "Элементы общей теории меры и интеграла",
    address = "Киев",
    publisher = "Выща школа. Головное издательство",
    year = 1989,
    numpages = 152,
    language = "russian"
}
@BOOK{DorogovtsevMA,
    author = "А. Я. Дороговцев",
    title = "Математический анализ. Краткий курс в современном изложении",
    address = "Киев",
    publisher = "Факт",
    year = 2004,
    numpages = 560,
    language = "russian"
    edition = "2"
}
@BOOK{KolmogorovFA,
    author = "А. Н. Колмогоров, С. В. Фомин",
    title = "Элементы теории функций и функционального анализа",
    address = "Москва",
    publisher = "Наука",
    year = 1976,
    numpages = 543,
    language = "russian"
    edition = "4"
}
@BOOK{Shiryayev1,
    author = "А. Н. Ширяев",
    title = "Вероятность-1",
    address = "Москва",
    publisher = "МЦНМО",
    year = 2004,
    numpages = 520,
    language = "russian"
    edition = "2"
    series = ""
}
@BOOK{MGTUXVI,
    author = "А.В. Печинкин, О.И. Тескин, Г.М. Цветкова и др.",
    title = "Теория вероятностей",
    address = "Москва",
    publisher = "МГТУ им. Н. Э. Баумана",
    year = 2004,
    numpages = 456,
    language = "russian"
    edition = "3"
    series = "Математика в техническом университете"
}
@BOOK{MGTUXVII,
    author = "В.Б. Горяинов, И.В. Павлов, Г.М. Цветкова и др.",
    title = "Математическая статистика",
    address = "Москва",
    publisher = "МГТУ им. Н. Э. Баумана",
    year = 2001,
    numpages = 424,
    language = "russian"
    edition = ""
    series = "Математика в техническом университете"
}
@BOOK{Feller1,
    author = "В. Феллер",
    title = "Введение в теорию вероятностей и её приложения. Том 1",
    address = "Москва",
    publisher = "Мир",
    year = 1984,
    numpages = 528,
    language = "russian"
    edition = ""
    series = "Математика в техническом университете"
}
@BOOK{VoevodinLA,
    author = "В. В. Воеводин",
    title = "Линейная алгебра",
    address = "Москва",
    publisher = "Наука. Главная редакция физико-математической литературы",
    year = 1980,
    numpages = 400,
    language = "russian"
    edition = "2"
    series = ""
}
@BOOK{IlinPoznyarLA,
    author = "В. А. Ильин, Э. Г. Позняк",
    title = "Линейная алгебра",
    address = "Москва",
    publisher = "Наука. Физматлит",
    year = 1999,
    numpages = 296,
    language = "russian"
    edition = "4"
    series = "Курс высшей математики и мат. физики"
}
@BOOK{Grimaldi,
    author = "Ralf P. Grimaldi",
    title = "Discrete and combinatorial mathematics an applied introduction",
    address = "",
    publisher = "Addison-Wesley Publishing Company",
    year = 1999,
    numpages = ,
    language = "english"
    edition = "5"
    series = ""
}
@BOOK{Fichtenholz1,
    author = "Фихтенгольц Г. М.",
    title = "Курс дифференциального и интегрального исчисления. Том 1",
    address = "Москва",
    publisher = "Физматлит",
    year = 2003,
    numpages = 680,
    language = "russian"
    edition = "8"
    series = ""
}
@BOOK{Fichtenholz2,
    author = "Фихтенгольц Г. М.",
    title = "Курс дифференциального и интегрального исчисления. Том 2",
    address = "Москва",
    publisher = "Физматлит",
    year = 2003,
    numpages = 864,
    language = "russian"
    edition = "8"
    series = ""
}
@article{FisherStudentApplication,
    author    = "Ronald Aylmer Fisher",
    title     = "Applications of ``Student's,, Distribution",
    journal   = "Metron",
    volume   = "5",
    number   = "3",
    pages    = "90-104",
    year      = "1925",
    %month    = "",
    %note     = "",
}
@article{StudentProbableError,
    author    = "Student",
    title     = "The probable error of a mean",
    journal   = "Biometrika",
    volume   = "VI",
    %number   = "",
    pages    = "1-25",
    year      = "1908",
    %month    = "",
    %note     = "",
}
@BOOK{IvchenkoMA,
    author = "Ивченко Г.И., Медведев Ю.И.",
    title = "Математическая статистика: учебное пособие для втузов",
    address = "Москва",
    publisher = "Высшая школа",
    year = 1984,
    numpages = 248,
    language = "russian"
}
