@BOOK{IlinMA1,
author = "В. А. Ильин, Э. Г. Позняк",
title = "Основы математического анализа. Часть I",
address = "Москва",
publisher = "Физико-математическая литература",
year = 2005,
numpages = 648,
language = "russian"
edition = "7"
series = "Курс высшей математики и математической физики"
}
