@BOOK{BorovkovMS,
author = "А. А. Боровков",
title = "Математическая статистика",
address = "Санкт-Петербург",
publisher = "Лань",
year = 2010,
numpages = 705,
language = "russian"
edition = "4"
series = "Учебники для ВУЗов. Специальная литература"
}
@BOOK{BorovkovPT,
author = "А. А. Боровков",
title = "Теория Вероятностей",
address = "Москва",
publisher = "Эдиториал УРСС",
year = 1999,
numpages = 472,
language = "russian"
edition = "3"
}
